1467 2655
343 252 380 283 ιδ
417 250 699 282 FREINSHEMII
717 249 1132 282 SUPPLEMENTORUM
1145 252 1220 282 Lm.
1236 252 1305 283 XL.

182 363 324 394 U‚c,(,(‚3,
338 356 473 386 fortiter
491 355 530 385 ab
545 354 691 385 obsessis
711 360 926 395 repugnatum
944 360 1005 383 est.
1029 353 1105 384 inde
1124 365 1222 396 quum
1236 377 1244 390 ,
1268 363 1303 387 et
1318 358 1342 389 ι’

154 408 159 412 ·
180 401 218 428 Α.
237 400 323 436 C.89.
338 403 430 438 capta
451 403 544 438 parte
567 395 659 425 urbis
678 393 874 425 decurrente
896 395 1062 430 Romano,
1086 406 1206 438 anceps
1227 405 1338 430 metus

337 437 617 472 circumsisteret,
653 434 838 477 profligatis
870 434 1119 473 defensoribus,
1149 438 1239 468 Sulla
1268 441 1337 470 Bo.

336 478 432 510 viano
451 488 513 520 per
530 478 595 508 vim
611 477 737 518 potitus
760 483 822 506 est.

395 559 542 591 XXXIX.
564 557 716 593 Deinde,
755 558 818 589 late
847 556 1036 588 circumlato
1067 558 1147 590 belli
1182 565 1337 597 terrore,

335 611 433 642 quum
459 601 583 641 aliquot
609 599 750 641 populos
776 597 979 639 recepisset,
1012 610 1027 628 a
1053 606 1188 641 petente
1224 600 1337 632 hiemo

334 641 375 671 ad
392 642 585 683 petitionem
602 640 790 671 consulatus
808 641 942 669 Rumam
964 650 1025 682 pro
1043 648 1134 672 ectus
1154 640 1221 672 est:
1245 650 1338 673 certa

334 682 467 724 quidem
484 692 543 724 spe
561 680 784 722 consequendi
804 680 940 710 honoris
954 702 963 717 ‚
987 692 1085 723 quum
1101 690 1150 713 tot
1165 689 1338 725 tantasque

332 733 407 759 res,
439 729 573 771 quantas
607 731 682 752 raro
704 721 778 763 quis
804 731 876 751 uam
903 721 985 752 alius
1012 729 1087 753 ante
1111 724 1337 761 consulatum,

331 764 550 802 confecissem
589 772 725 803 eamque
758 762 786 792 si
811 762 822 792 i
848 762 1052 793 fortitudinis
1074 764 1339 807 prudentiaeque

331 805 542 836 conciliasset
575 802 863 839 existimationem,
905 810 940 834 ut
971 815 986 833 a
1013 803 1055 833 ud
1082 805 1172 836 cives
1197 815 1339 847 magnus

330 845 414 882 dux,
445 847 601 876 maximus
619 843 704 885 apud
722 843 853 880 socios,
886 843 971 885 apud
989 815 1095 876 Hostes
1112 847 1209 877 etiam
1227 848 1339 877 fortu-

329 887 517 917 natissimus
535 885 723 917 haberetur.
767 884 890 926 Igitur,
913 895 1011 926 quum
1031 893 1139 928 togam
1164 887 1339 919 candidam

331 927 529 969 sumpliss'et,
563 925 706 958 comitiis
731 925 978 962 consularibus,
1009 937 1095 968 pene
1121 928 1268 959 omnium
1287 929 1338 960 ci·

329 968 419 999 vium
439 968 625 1010 suffragiis,
661 977 746 997 anno
766 967 881 998 aetatis
907 977 984 998 suae
1010 968 1338 1012 undequinquagesi-

329 1019 384 1040 mo
405 1009 595 1051 designatus
618 1014 679 1040 est.

168 1099 199 1125 c,
215 1099 319 1126 eus„
391 1090 461 1124 XL,
483 1091 530 1121 Ea
551 1090 683 1121 comitia
700 1097 865 1121 certamen
885 1089 971 1120 haud
997 1091 1185 1122 tralatitium
1210 1092 1339 1126 habuc.

149 1133 317 1160 cont-latum
331 1137 408 1162 runt
418 1152 426 1168 ,
451 1132 486 1162 C.
498 1131 586 1163 Julio
603 1133 744 1162 Caesare
760 1130 962 1161 consulatum
978 1139 1091 1163 contra
1107 1132 1198 1174 leges
1216 1136 1339 1176 peten-

145 1170 317 1209 ‘⁰'¹¹1'⁸¹‘8¹¹
331 1180 375 1208 te,
422 1172 487 1203 Sed
499 1194 507 1208 ‚
530 1173 683 1214 quoniam
702 1172 744 1202 ad
759 1181 797 1202 ea
818 1178 964 1213 tempora
981 1182 1149 1203 accessum
1168 1181 1235 1210 est,
1261 1178 1339 1218 qui-

146 1207 230 1238 ΝΜ·
329 1215 391 1247 bus
408 1215 566 1256 frequens
585 1213 708 1244 mentio
732 1212 881 1244 facienda
908 1214 1099 1251 Caesarum,
1124 1222 1157 1246 et
1176 1215 1277 1254 alias,
1302 1224 1338 1255 et

329 1263 470 1298 propter
492 1265 565 1285 eum
592 1255 783 1289 Caesarem,
805 1254 861 1295 qui
882 1253 989 1295 postea
1013 1254 1154 1286 dictator
1172 1256 1256 1294 suit,
1279 1269 1337 1290 er-

329 1300 441 1327 rorem
463 1305 581 1338 parere
606 1295 793 1338 legentibus
816 1295 938 1343 poll'et5
962 1297 1057 1326 simul
1084 1303 1118 1327 ut
1144 1297 1233 1329 illius
1260 1301 1338 1334 aevi

329 1337 521 1369 domesticae
541 1336 728 1367 discordiae
748 1336 893 1378 penitius
914 1336 1158 1386 intelligantur,
1193 1350 1259 1370 non
1276 1342 1338 1373 ab-

327 1378 467 1410 horrere
494 1389 511 1409 a
533 1378 701 1420 praesenti
726 1375 870 1408 instituto
894 1377 1054 1417 judicavi,
1096 1380 1125 1410 si
1145 1380 1186 1411 de
1206 1380 1267 1412 hac
1284 1383 1351 1414 sas

325 1420 434 1455 milia,
465 1427 499 1451 et
521 1421 699 1462 praecipue
724 1419 767 1450 iis
789 1418 996 1456 hominibus,
1027 1421 1085 1462 qui
1107 1428 1171 1452 tum
1193 1424 1351 1457 maxime:

326 1459 530 1498 floruerunt,
552 1471 672 1503 pauca,
695 1470 758 1492 nec
774 1459 948 1501 injucunda
967 1460 1069 1498 scitu,
1091 1462 1282 1504 proderem.

192 1546 313 1575 Familia
388 1544 472 1574 XLI.
495 1544 599 1585 Igitur
623 1542 724 1579 sulii,
757 1542 849 1582 cujus
875 1544 983 1585 gentis
1009 1543 1132 1575 familia
1155 1545 1336 1579 Caesarum

165 1582 314 1623 Cusqrum
328 1584 407 1619 suit,
431 1584 677 1626 antiquissimae
703 1583 843 1626 originis
863 1583 1015 1617 suerunt:
1046 1597 1143 1627 quum
1164 1597 1268 1628 genus
1290 1589 1352 1622 ad:

128 1647 132 1652 .
157 1622 311 1653 0⁸P⁰⁸⁸¹¹‘'·
326 1625 429 1656 lulnm
447 1626 632 1662 referrent,
668 1625 801 1656 Aeneae
821 1624 921 1656 fitium
934 1648 943 1663 ,
977 1637 1073 1668 quem
1094 1628 1237 1659 Aeneam
1261 1630 1350 1661 An·-

325 1666 418 1698 ehise
453 1674 487 1698 ct
514 1667 645 1699 Venere
676 1667 822 1708 genitum
849 1668 942 1698 vetus
969 1668 1077 1699 fabula
1109 1670 1352 1716 praedicabat.:

324 1707 390 1755 Qui
427 1708 552 1750 primus
584 1708 747 1740 Juliorum
771 1707 834 1739 hoc
863 1710 1059 1751 cognomine
1088 1710 1352 1745 discriminavit-

322 1756 466 1791 gentem,
490 1760 589 1791 quum
608 1759 705 1780 caeso
721 1749 834 1780 matris
852 1756 949 1782 utero
967 1751 1138 1793 prodisset
1156 1752 1188 1781 in
1209 1753 1331 1791 lucem,

323 1800 364 1821 ex
387 1800 428 1821 eo
454 1799 531 1821 casu
553 1790 806 1833 appellationem
834 1792 974 1823 traxisse
1001 1802 1067 1822 non
1090 1792 1231 1824 absurde
1255 1804 1332 1826 cre-

322 1831 423 1866 ditur.
467 1833 550 1862 Eum
575 1839 649 1863 ante
676 1839 824 1873 tempora
854 1833 1062 1864 Hannibalici
1091 1833 1170 1865 belli
1202 1834 1332 1868 vixisse

322 1873 480 1914 oportuit.
504 1882 544 1904 ex
560 1883 600 1904 eo
620 1872 706 1904 enim
724 1874 899 1905 Caesarum
917 1874 949 1905 in
965 1873 1109 1906 historiis
1124 1876 1247 1906 mentio
1260 1876 1331 1909 fre-

321 1920 506 1955 quentatur.
539 1914 604 1945 Sed
614 1914 739 1956 primus
751 1915 894 1945 omnium
905 1916 979 1947 Sex.
990 1917 1098 1947 Julius
1109 1918 1185 1948 Sex.
1199 1919 1236 1948 F.
1250 1919 1328 1950 Sex.

318 1956 359 1988 N.
371 1956 491 1985 Caesar
501 1955 614 1986 consul
627 1954 700 1992 suit,
722 1957 760 1986 11·
772 1954 887 1987 Oreste
897 1956 1034 1999 collega,
1058 1957 1099 1988 ad
1108 1969 1224 1989 annum
1233 1960 1329 1992 urbis

319 1995 471 2026 conditae
495 1996 793 2038 quingentesimum
823 1997 1059 2039 nonagesimum
1080 2007 1217 2031 sextum.
1262 2003 1329 2032 Ne-

317 2047 380 2080 pos
409 2036 504 2076 hujus
530 2047 605 2068 esse
627 2037 736 2080 potuit
763 2038 839 2069 Sex.
855 2039 975 2070 Caesar
992 2041 1028 2072 C.
1046 2040 1086 2071 F.
1107 2042 1162 2083 qui
1188 2051 1261 2072 cum
1286 2044 1326 2074 L.

352 2115 426 2152 cap.
446 2116 574 2143 xxxix.
591 2095 655 2143 Ltv.
683 2115 874 2151 Epic..1›iod.
892 2117 969 2152 apua
987 2118 1086 2146 Vates.
1106 2119 1182 2148 mut.
1205 2121 1279 2149 Suu.
1298 2131 1325 2150 ο.

315 2151 344 2180 ὅ.
366 2150 516 2190 velleius,
546 2151 584 2177 ll.
604 2157 644 2185 17.
680 2150 755 2186 Gap.
778 2150 841 2177 XL.
871 2152 934 2179 Cic.
961 2152 998 2180 de
1025 2155 1097 2183 Har.
1122 2155 1213 2193 Resp.
1232 2166 1259 2184 e.
1279 2166 1323 2186 so.

316 2187 389 2222 Cap.
409 2185 481 2213 ΚΜ.
502 2185 625 2213 Sueten.
647 2184 732 2212 Caes.
750 2192 776 2211 c.
793 2186 820 2213 6.
845 2185 921 2215 Ptin.
941 2188 1008 2216 vu.
1024 2198 1052 2224 ⁹·
